<?xml version="1.0" encoding="UTF-8"?><collection xmlns="http://www.loc.gov/MARC21/slim"><record><leader>00333nam--2200121-i-4500</leader><controlfield tag="001">000035259</controlfield><controlfield tag="002">20161230</controlfield><controlfield tag="005">20161230201040</controlfield><controlfield tag="008">060222s1000------------r-----000-0-eng-d</controlfield><datafield ind1=" " ind2=" " tag="245"><subfield code="a">Nuclear reactors for industry and universities</subfield></datafield><datafield ind1=" " ind2=" " tag="260"><subfield code="a">Pittsburg, Instruments Publ. Co., 1954. Ix+94p</subfield></datafield><datafield ind1=" " ind2=" " tag="700"><subfield code="a">Ernest H. Wakefield</subfield></datafield><datafield ind1=" " ind2=" " tag="852"><subfield code="a">10708</subfield></datafield></record></collection>